% Encoding: UTF-8

@Online{bitcoin_artikel_1,
  author = {finanzen.net},
  date   = {2021-02-17},
  title  = {Bitcoin-Rekordjagd geht ungebremst weiter},
  url    = {https://www.finanzen.net/nachricht/devisen/neues-allzeithoch-bitcoin-rekordjagd-geht-ungebremst-weiter-9820255},
}

@Online{bitcoin_artikel_2,
  author = {spiegel.de},
  date   = {2021-02-16},
  title  = {Bitcoin knackt Marke von 50.000 Dollar},
  url    = {https://www.spiegel.de/wirtschaft/unternehmen/bitcoin-knackt-marke-von-50-000-dollar-a-5b2ddc78-2a45-49d2-a38e-d580f940675e},
}

@Online{bitcoin_kurs_2011,
  author = {coin-update.de},
  date   = {2021-02-03},
  title  = {Bitcoin Kurs 2011},
  url    = {https://coin-update.de/bitcoin-kurs/},
}

@Online{trading_1,
  author = {Andr√© Stagge},
  date   = {2019-10-27},
  title  = {Trading: Was ist das und welche Handelsarten gibt es?},
  url    = {https://www.nextmarkets.com/de/handel/glossar/trading},
}

@Online{trading_2,
  author = {FinanceScout24},
  date   = {2021-02-17},
  title  = {Chancen und Risiken von Trading: Ein Einsteiger-Guide},
  url    = {https://www.financescout24.de/wissen/ratgeber/trading-einsteiger-guide},
}

@Comment{jabref-meta: databaseType:biblatex;}
